@article{SANTINI2005468,
title = "Fragment formation in central heavy ion collisions at relativistic energies",
journal = "Nuclear Physics A",
volume = "756",
number = "3",
pages = "468 - 484",
year = "2005",
issn = "0375-9474",
doi = "https://doi.org/10.1016/j.nuclphysa.2005.04.010",
url = "http://www.sciencedirect.com/science/article/pii/S0375947405005737",
author = "E. Santini and T. Gaitanos and M. Colonna and M. Di Toro",
keywords = "Heavy ion collisions at intermediate energies, Fragment formation, Rapidity distributions, Nuclear matter, Equation of state, In-medium cross sections, Dirac–Brueckner–Hartree–Fock"
}