@article{article,
author = {I. Kapusta, Joseph},
year = {1980},
month = {04},
pages = {},
title = {Mechanisms for deuteron production in relativistic nuclear collisions},
volume = {21},
booktitle = {Phys. Rev. C}
}