@article{REISDORF1997493,
title = "Central collisions of Au on Au at 150, 250 and 400 A·MeV",
journal = "Nuclear Physics A",
volume = "612",
number = "3",
pages = "493 - 556",
year = "1997",
issn = "0375-9474",
doi = "https://doi.org/10.1016/S0375-9474(96)00388-0",
url = "http://www.sciencedirect.com/science/article/pii/S0375947496003880",
author = "W. Reisdorf and D. Best and A. Gobbi and N. Herrmann and K.D. Hildenbrand and B. Hong and S.C. Jeong and Y. Leifels and C. Pinkenburg and J.L. Ritman and D. Schüll and U. Sodan and K. Teh and G.S. Wang and J.P. Wessels and T. Wienold and J.P. Alard and V. Amouroux and Z. Basrak and N. Bastid and I. Belyaev and L. Berger and J. Biegansky and M. Bini and S. Boussange and A. Buta and R. Čaplar and N. Cindro and J.P. Coffin and P. Crochet and R. Dona and P. Dupieux and M. Dželalija and J. Erö and M. Eskef and P. Fintz and Z. Fodor and L. Fraysse and A. Genoux-Lubain and G. Goebels and G. Guillaume and Y. Grigorian and E. Häfele and S. Hölbling and A. Houari and M. Ibnouzahir and M. Joriot and F. Jundt and J. Kecskemeti and M. Kirejczyk and P. Koncz and Y. Korchagin and M. Korolija and R. Kotte and C. Kuhn and D. Lambrecht and A. Lebedev and A. Lebedev and I. Legrand and C. Maazouzi and V. Manko and T. Matulewicz and P.R. Maurenzig and H. Merlitz and G. Mgebrishvili and J. Mösner and S. Mohren and D. Moisa and G. Montarou and I. Montbel and P. Morel and W. Neubert and A. Olmi and G. Pasquali and D. Pelte and M. Petrovici and G. Poggi and P. Pras and F. Rami and V. Ramillien and C. Roy and A. Sadchikov and Z. Seres and B. Sikora and V. Simion and K. Siwek-Wilczyńska and V. Smolyankin and N. Taccetti and R. Tezkratt and L. Tizniti and M. Trzaska and M.A. Vasiliev and P. Wagner and K. Wisniewski and D. Wohlfarth and A. Zhilin",
keywords = "Nuclear reactions Au(Au,X),  = 150, 250, 400 Me/Vnucleon, selected central collisions, measured fragment velocity vectors, charges and yields, deduced radial flow, chemical composition, comparison to statistical multifragmentation models, quantum molecular dynamics model"
}

@article{kaposzta,
author = {I. Kapusta, Joseph},
year = {1980},
month = {04},
pages = "1301-1303",
title = {Mechanisms for deuteron production in relativistic nuclear collisions},
volume = {21},
booktitle = {Phys. Rev. C}
}

@article{SANTINI2005468,
title = "Fragment formation in central heavy ion collisions at relativistic energies",
journal = "Nuclear Physics A",
volume = "756",
number = "3",
pages = "468 - 484",
year = "2005",
issn = "0375-9474",
doi = "https://doi.org/10.1016/j.nuclphysa.2005.04.010",
url = "http://www.sciencedirect.com/science/article/pii/S0375947405005737",
author = "E. Santini and T. Gaitanos and M. Colonna and M. Di Toro",
keywords = "Heavy ion collisions at intermediate energies, Fragment formation, Rapidity distributions, Nuclear matter, Equation of state, In-medium cross sections, Dirac–Brueckner–Hartree–Fock"
}