@article{article,
author = {Sato, H and Yazaki, K},
year = {1981},
month = {01},
pages = {153-157},
title = {On the coalescence model for high energy nuclear reactions},
volume = {98},
booktitle = {Physics Letters B}
}