@article{article,
author = {Xu, Jun and Chen, Lie-Wen and Manyee, † and Tsang, Betty and Wolter, Hermann and Zhang, Ying-Xun and Aichelin, J and Colonna, Maria and Cozma, Dan and Danielewicz, P and Feng, Zhao-Qing and Le F, Arnaud and Gaitanos, T and Hartnack, Christoph and Kim, Kyungil and Kim, Youngman and Ko, Che-Ming and Li, Bao-An and Li, Qing-Feng and Zhang, Guo-Qiang},
year = {2016},
month = {03},
pages = {044609},
title = {Understanding transport simulations of heavy-ion collisions at 100 and 400 AMeV − A comparison of heavy ion transport codes under controlled conditions},
volume = {93},
booktitle = {Physical Review C}
}